<?xml version="1.0" encoding="UTF-8"?><collection xmlns="http://www.loc.gov/MARC21/slim"><record><leader>00427nam--2200169-u-4500</leader><controlfield tag="001">000052179</controlfield><controlfield tag="002">20161230</controlfield><controlfield tag="005">20161230201049</controlfield><controlfield tag="008">100319s1000------------r-----000-0-rus-d</controlfield><datafield ind1=" " ind2=" " tag="040"><subfield code="a">IFIN-HH</subfield></datafield><datafield ind1=" " ind2=" " tag="041"><subfield code="a">rus</subfield></datafield><datafield ind1="1" ind2=" " tag="100"><subfield code="a">Hrenov, L.S</subfield></datafield><datafield ind1="1" ind2=" " tag="245"><subfield code="a">Sestiznachinie tabliti trigonometriceskikh funktii</subfield><subfield code="c">L. S. Hrenov</subfield></datafield><datafield ind1=" " ind2=" " tag="260"><subfield code="a">Nauka</subfield><subfield code="b">Moskva</subfield><subfield code="c">1978</subfield></datafield><datafield ind1=" " ind2=" " tag="300"><subfield code="a">368 p</subfield></datafield><datafield ind1=" " ind2=" " tag="852"><subfield code="a">47224</subfield><subfield code="c">518.2</subfield></datafield><datafield ind1=" " ind2=" " tag="CAT"><subfield code="a">Sys</subfield><subfield code="c">20100319</subfield><subfield code="h">083804</subfield></datafield></record></collection>